<record xmlns="http://www.loc.gov/MARC21/slim" xmlns:xsi="http://www.w3.org/2001/XMLSchema-instance" xsi:schemaLocation="http://www.loc.gov/MARC21/slim http://www.loc.gov/standards/marcxml/schema/MARC21slim.xsd"><leader>01844nam a2200337   4500</leader><controlfield tag="001">3076302</controlfield><controlfield tag="003">NNC</controlfield><controlfield tag="006">m        d        </controlfield><controlfield tag="007">cr cn |||m|||a</controlfield><controlfield tag="008">150110s1937    ua      o     000 0 ara d</controlfield><datafield ind1=" " ind2=" " tag="040"><subfield code="a">NNU</subfield><subfield code="b">eng</subfield><subfield code="c">NNU</subfield></datafield><datafield ind1="1" ind2=" " tag="100"><subfield code="6">880-01</subfield><subfield code="a">Ha&#772;shimi&#772;, Ah&#803;mad.</subfield></datafield><datafield ind1="1" ind2="0" tag="245"><subfield code="6">880-02</subfield><subfield code="a">Jawa&#772;hir al-adab fi&#772; adabi&#772;ya&#772;t wa insha&#772;&#700; lughat al-&#699;Arab</subfield><subfield code="h">[electronic resource] /</subfield><subfield code="c">ta&#700;li&#772;f al-Sayyid Ah&#803;mad al-Ha&#772;shimi&#772; Bek.</subfield></datafield><datafield ind1=" " ind2=" " tag="250"><subfield code="6">880-03</subfield><subfield code="a">Al-t&#803;ab&#699;ah 15.</subfield></datafield><datafield ind1=" " ind2=" " tag="260"><subfield code="6">880-04</subfield><subfield code="a">[al-Qa&#772;hirah,</subfield><subfield code="b">Mat&#803;ba&#699;at al-Niz&#803;a&#772;m]</subfield><subfield code="c">1356 h., 1937 m.</subfield></datafield><datafield ind1=" " ind2=" " tag="300"><subfield code="a">online resource (2 v. in 1.)</subfield></datafield><datafield ind1=" " ind2=" " tag="500"><subfield code="a">Part of the Arabic Collections Online (ACO) project, contributed by Columbia University Libraries.</subfield></datafield><datafield ind1=" " ind2=" " tag="533"><subfield code="a">Electronic reproduction.</subfield><subfield code="b">New York, N.Y. :</subfield><subfield code="c">New York University,</subfield><subfield code="d">2015.</subfield><subfield code="5">NNU</subfield></datafield><datafield ind1=" " ind2="0" tag="650"><subfield code="a">Arabic literature.</subfield></datafield><datafield ind1=" " ind2="7" tag="650"><subfield code="a">Arabic literature.</subfield><subfield code="2">fast</subfield><subfield code="0">(OCoLC)fst00812478</subfield></datafield><datafield ind1="2" ind2=" " tag="710"><subfield code="a">Columbia University.</subfield><subfield code="b">Libraries.</subfield></datafield><datafield ind1="0" ind2=" " tag="730"><subfield code="a">Arabic Collections Online.</subfield></datafield><datafield ind1="0" ind2="8" tag="776"><subfield code="i">Online version:</subfield><subfield code="a">Ha&#772;shimi&#772;, Ah&#803;mad.</subfield><subfield code="t">Jawa&#772;hir al-adab fi adabi&#772;ya&#772;t wa insha&#772;&#700; lughat al-&#699;Arab.</subfield><subfield code="b">Al-t&#803;ab&#699;ah al-15.</subfield><subfield code="d">[al-Qa&#772;hirah, Mat&#803;ba&#699;at al-Niz&#803;a&#772;m] 1356 h., 1937 m.</subfield><subfield code="w">(OCoLC)580403935</subfield></datafield><datafield ind1="0" ind2="8" tag="776"><subfield code="i">Print version:</subfield><subfield code="a">Ha&#772;shimi&#772;, Ah&#803;mad.</subfield><subfield code="t">Jawa&#772;hir al-adab fi&#772; adabi&#772;ya&#772;t wa insha&#772;&#700; lughat al-&#699;Arab</subfield><subfield code="w">(NNC)3076302</subfield><subfield code="w">(OCoLC)47856975</subfield></datafield><datafield ind1="4" ind2="0" tag="856"><subfield code="u">http://hdl.handle.net/2333.1/zw3r245g</subfield></datafield><datafield ind1="1" ind2=" " tag="880"><subfield code="6">100-01/r</subfield><subfield code="a">&#1607;&#1575;&#1588;&#1605;&#1610;&#1548; &#1575;&#1581;&#1605;&#1583;.</subfield></datafield><datafield ind1="1" ind2="0" tag="880"><subfield code="6">245-02/r</subfield><subfield code="a">&#1580;&#1608;&#1575;&#1607;&#1585; &#1575;&#1604;&#1575;&#1583;&#1576; &#1601;&#1610; &#1575;&#1583;&#1576;&#1610;&#1575;&#1578; &#1608; &#1575;&#1606;&#1588;&#1575;&#1569; &#1604;&#1594;&#1577; &#1575;&#1604;&#1593;&#1585;&#1576; /</subfield><subfield code="c">&#1578;&#1571;&#1604;&#1610;&#1601; &#1575;&#1604;&#1587;&#1610;&#1583; &#1575;&#1581;&#1605;&#1583; &#1575;&#1604;&#1607;&#1575;&#1588;&#1605;&#1610; &#1576;&#1603;.</subfield></datafield><datafield ind1=" " ind2=" " tag="880"><subfield code="6">250-03/r</subfield><subfield code="a">&#1575;&#1604;&#1591;&#1576;&#1593;&#1577; 15.</subfield></datafield><datafield ind1=" " ind2=" " tag="880"><subfield code="6">260-04/r</subfield><subfield code="a">[&#1575;&#1604;&#1602;&#1575;&#1607;&#1585;&#1577;&#1548;</subfield><subfield code="b">&#1605;&#1591;&#1576;&#1593;&#1577; &#1575;&#1604;&#1606;&#1592;&#1575;&#1605;]</subfield><subfield code="c">1356 h., 1937 m.</subfield></datafield><datafield ind1=" " ind2=" " tag="959"><subfield code="a">NNU</subfield><subfield code="b">WEB</subfield><subfield code="c">GENI</subfield><subfield code="t">0</subfield><subfield code="m">Electronic access</subfield><subfield code="s">01</subfield></datafield><datafield ind1=" " ind2=" " tag="999"><subfield code="i">NNC_3076302</subfield><subfield code="o">(OCoLC)47856975</subfield><subfield code="e">OK</subfield></datafield></record>